@inproceedings{levesque1981,
  title={The Interaction with Incomplete Knowledge Bases: A Formal Treatment.},
  author={Levesque, Hector J},
  booktitle={IJCAI},
  pages={240--245},
  year={1981}
}

@article{halpern2001,
  title={Multi-agent Only Knowing},
  author={Halpern, Joseph Y and Lakemeyer, Gerhard},
  journal={Journal of Logic and Computation},
  volume={11},
  number={1},
  pages={41--70},
  year={2001},
  publisher={OUP}
}

@book{Lokb,
  title={The logic of knowledge bases},
  author={Levesque, Hector J and Lakemeyer, Gerhard},
  year={2001},
  publisher={Mit Press}
}
